@online{android-compose,
  author       = {{Android Developers}},
  title        = {Jetpack Compose Documentation},
  year         = {2025},
  url          = {https://developer.android.com/jetpack/compose},
  note         = {Accessed: 2025-05-23},
  langid       = {english}
}

@online{android-mediaplayer,
  author       = {{Android Developers}},
  title        = {MediaPlayer overview},
  year         = {2025},
  url          = {https://developer.android.com/guide/topics/media/mediaplayer},
  note         = {Accessed: 2025-05-23},
  langid       = {english}
}

@online{android-permissions,
  author       = {{Android Developers}},
  title        = {Request app permissions},
  year         = {2025},
  url          = {https://developer.android.com/training/permissions/requesting},
  note         = {Accessed: 2025-05-23},
  langid       = {english}
}

@online{kotlin-doc,
  author       = {{JetBrains}},
  title        = {Kotlin Language Documentation},
  year         = {2025},
  url          = {https://kotlinlang.org/docs/reference/},
  note         = {Accessed: 2025-05-23},
  langid       = {english}
}

@book{kuznetsov2022kotlin,
  author       = {Кузнецов, Сергей В.},
  title        = {Разработка мобильных приложений на Kotlin},
  publisher    = {БХВ-Петербург},
  address      = {Москва},
  year         = {2022},
  langid       = {russian}
}

@book{makarov2021android,
  author       = {Макаров, Иван А.},
  title        = {Программирование для Android: практика создания приложений},
  publisher    = {Питер},
  address      = {Санкт-Петербург},
  year         = {2021},
  langid       = {russian}
}

@book{stevens2017mvvm,
  author       = {Stevens, John and Meyer, Robert},
  title        = {Android Architecture Patterns: MVVM and Beyond},
  publisher    = {O'Reilly Media},
  address      = {Sebastopol, CA},
  year         = {2017},
  langid       = {english}
}
